%%%%% BibTeX bibliography database for Landcare work.

% BibTeX code taken directly from MathSciNet (http://www.ams.org/mathscinet)
% Citation label method taken from Nicholas J. Higham 
% (author of Handbook of Writing for the Mathematical Sciences).
% Use the first four letters of the author's last name followed by the year.  
% If there are two authors, use the first two letters 
% of each author's last name, and if three or more, the first letter
% of the first three or four authors' last names.   
% Multiple papers in the same year by the same authors are distinguished by 
% extra letters 'a', 'b' etc.

%%%%% Entries =================================================================
% Keep these in alphabetical order for easy searching!

%%%%% BibTeX bibliography database for multivariate generating functions.

% BibTeX code taken directly from MathSciNet (http://www.ams.org/mathscinet)
% Citation label method taken from Nicholas J. Higham 
% (author of Handbook of Writing for the Mathematical Sciences).
% Use the first four letters of the author's last name followed by the year.  
% If there are two authors, use the first two letters 
% of each author's last name, and if three or more, the first letter
% of the first three or four authors' last names.   
% Multiple papers in the same year by the same authors are distinguished by 
% extra letters 'a', 'b' etc.

%%%%% Entries =================================================================
% Keep these in alphabetical order for easy searching!
@conference{AlSa2000,
    author = {H.~Alborzi and H.~Samet},
    title = {Augmenting SAND with a spherical data model},
    year = {2000},
    booktitle = {International Conference on Discrete Global Grids},
    address = {Santa Barbara, California},
}
@book{BuSn1995,
    author = {Lev M.~Bugayevskiy and John P.~Snyder},
    title = {Map Projections: A Reference Manual},
    year = {1995},
    publisher = {Taylor & Francis},
    isbn = {0748403043},
}
@article{CaGr2002,
    author = {M.~R.~Calabretta and E.~W.~Greisen},
    title = "{Representations of celestial coordinates in FITS}",
    journal = {Astronomy \& Astrophysics},
    eprint = {arXiv:astro-ph/0207413},
    year = {2002},
    month = {Dec},
    volume = {395},
    pages = {1077-1122},
}
@article{CaRo2007,
    AUTHOR = {Mark R.~Calabretta and Boudewijn F.~Roukema},
    TITLE = {Mapping on the HEALPix grid},
    JOURNAL = {Monthly Notices of the Royal Astronomical Society},
    VOLUME = {381},
    YEAR = {2007},
    NUMBER = {2},
    PAGES = {865--872},
    ISSN = {1365-2966},
    PUBLISHER = {Blackwell Publishing Ltd},
    URL = {http://dx.doi.org/10.1111/j.1365-2966.2007.12297.x},
}
@techreport{ChOn1975,
    author = {F.~K.~Chan and E.~M.~O'Neill},
    title = {Feasibility Study of a Quadrilateralized Spherical Cube Earth Data Base, Computer Sciences Corporation},
    institution = {Monterey, California: Environmental Prediction Research Facility},
    number = {2-75},
    year = {1975},
}
@incollection{Clar2002,
    author = {K.~C.~Clarke},
    title = {Criteria and measures for the comparison of global geocoding systems},
    booktitle = {Discrete global grids: A web book},
    publisher = {University of California, Santa Barbara}, 
    year = {2002},
    url = {http://www.ncgia.ucsb.edu/ globalgrids-book},
}
@article{Eule1778,
    author = {Leonhard Euler},
    title = {De repraesentatione superficiei sphaericae super plano},
    year = {1778},
    journal = {Acta Academiae Scientarum Imperialis Petropolitinae},
    url = {http://www.math.dartmouth.edu/~euler/tour/tour_08.html},
}
@unpublished{GiRa2013,
    author = {R.~G.~Gibb and A.~Raichev and M.~Speth},
    title = {The r{HEALP}ix {D}iscrete {G}lobal {G}rid {S}ystem},
    institution = {Landcare Research New Zealand Limited},
    year = {2013},
    url = {http://dx.doi.org/10.7931/J2D21VHM},
    doi = {10.7931/J2D21VHM}
}
@article{GoGo2007,
    author = {D.~M.~Goldberg and J.~R.~{Gott III}}, 
    title = {Flexion and skewness in map projections of the Earth.},
    year = {2007}, 
    journal = {Cartographica},
    volume = {42},
    issue = {4},
    pages = {297--318},
}
@conference{Good1994,
    author = {M.~F.~Goodchild}, 
    title = {Geographical grid models for environmental monitoring and analysis across the globe (panel sesssion).},
    year = {1994}, 
    booktitle = {Proceedings of GIS/LIS '94 Conference},
    address = {Phoenix, Arizona},
}
@article{GHBW2005,
    AUTHOR = {K.~M.~Gorski and E.~Hivon and A.~J.~Banday and B.~D.~ Wandelt and F.~K.~Hansen and M.~Reinecke and M.~Bartelman},
    TITLE = {HEALPix -- a Framework for High Resolution Discretization, and Fast   Analysis of Data Distributed on the Sphere},
    JOURNAL = {The Astrophysical Journal},
    VOLUME = {622},
    PAGES = {759},
    YEAR = {2005},
}
@manual{GWHH2010,
    AUTHOR = {K.~M.~Gorski and B.~D.~Wandelt and E.~Hivon and F.~K.~Hansen and A.~J.~Banday},    
   TITLE = {The HEALPix Primer (Version 2.15a)},
   URL = {healpix.jpl.nasa.gov/pdf/intro.pdf},
   YEAR = {2010},
}
@article{GKWS2008,
	author = {M.~J.~Gregory and A.~J.~Kimerling and D.~White and K.~Sahr},
	title = {A comparison of intercell metrics on discrete global grid systems},
	journal = {Computers, Environment and Urban Systems},
	volume = {32},
	issue = {3},
	year = {2008},
	pages = {188--203},
}
@book{Hobs1931,
    author = {E.~W.~Hobson},
    title = {The Theory of Spherical and Ellipsoidal Harmonics},
    year = {1931},
    publisher = {Chelsea Publishing Company},
}
@article{KSWS1999,
    author = {Jon A.~Kimerling and Kevin Sahr and Denis White and Lian Song},
    title = {Comparing geometrical properties of global grids},
    year = {1999},
    journal = {Cartography and Geographic Information Science},
    volume = {26},
    number = {4},
    pages = {271--287},
}
@inproceedings{LaKo2012,
    author = {Martin Lambers and Andreas Kolb },
    title = {{Ellipsoidal Cube Maps for Accurate Rendering of Planetary-Scale   Terrain Data}},
    pages = {5-10},
    URL = {http://diglib.eg.org/EG/DL/PE/PG/PG2012short/005-010.pdf},
    DOI = {10.2312/PE/PG/PG2012short/005-010}
}
@manual{PGP2014,
   AUTHOR = {M.~Purss and R.~Gibb and P.~ Peterson},    
   TITLE = {Discrete Global Grid Systems SWG},
   URL = {http://www.opengeospatial.org/projects/groups/dggsswg},
   YEAR = {2014},
}
@conference{Nesv2011,
    author = {Otakar Nesvadba},
    title = {Nothing to fear from ellipsoidal harmonics},
    year = {2011},
    booktitle = {European Geosciences Union General Assembly 2011},
    address = {Vienna, Austria},
}
@techreport{OnLa1976,
    author = {E.~M.~O'Neill and R.~E.~Laubscher},
    title = {Extended Studies of the Quadrilateralized Spherical Cube Earth Data Base},
    institution = {Computer Sciences Corp Silver Spring Md System Sciences Div},
    number = {3-76},
    year = {1976},
}
@manual{Sage,
    KEY      = {Sage},
    AUTHOR   = {W.~A.~Stein and others},
    ORGANIZATION = {The Sage Development Team},
    TITLE    = {{S}age {M}athematics {S}oftware ({V}ersion 5.2)},
    NOTE     = {{\tt http://www.sagemath.org}},
    YEAR     = {2011},
}
@article{SWK2003,
    author = {Kevin Sahr and Denis White and A.~Jon Kimerling},
    title = {{Geodesic Discrete Global Grid Systems}},
    year = {2003},
    journal = {Cartography and Geographic Information Science},
    volume = {30},
    pages = {121--134},
    issue = {2},
    doi = {10.1559/152304003100011090},
    masid = {6114138}
}
@book{Snyd1987,
    title = {Map projections--a working manual},
    author = {J.~P.~Snyder},
    lccn = {87600250},
    series = {U.S. Geological Survey professional paper},
    year = {1987},
    publisher = {U.S. G.P.O.}
}
@article{Snyd1992,
    title = {An equal-area map projection for polyhedral globes},
    author = {J.~P.~Snyder},
    year = {1992}, 
    journal ={Cartographica},
    volume = {29},
    issue = {1},
    pages = {10--21},
}